@article{long:2019,
  title={An FPGA-Based Ultra-High-Speed Object Detection Algorithm with Multi-Frame Information Fusion},
  author={Long X, Hu S, Hu Y, Gu Q, Ishii I},
  journal={Sensors (Basel)},
  volume={19},
  number={17},
  pages={3707},
  year={2019}
}

@article{Franjo,
	title={A Stereo Vision System for Pedestrian Navigation},
	author={Franjo Cecelja, Wamadeva Balachandran, Rommanee Jirawimut},
	journal={17 International Conference on Applied Electromagnetics and Communications},
	year={2003}
}

@article{Dhilip, 
	title={Design of a FPGA based Virtual Eye for the Blind},
	author={V.Dhilip Kanna, P.V.Deepak Govind Prasad, S. Aswin Amirtharaj},
	journal={2nd International Conference on Environmental Science and Technology},
	year={2011}
}

@article{Jeffrey,
	title={Gait and Long Cane Kinematics: A Comparison of Sighted and Visually Impaired Subjects},
	author={Jeffrey T. Johnson, Benjamin F. Johnson, Bruce B. Blasch},
	journal={Journal of Orthopaedic & Sports Physical Therapy},
	volume={},
	number={},
	pages={},
	year={}
}

@article{Nam,
	title={Development of a linear vibration motor with fast response time for mobile phones},
	author={Nam, J., Yeon, T. & Jang, G.},
	journal={Microsyst Technol},
	number={20},
	pages={1505-1510},
	year={2014}
}

@article{alex,
	title={Smart Cane for Blind and Visually Impaired Persons},
	author={Alex Y, Shilpa Shyam},
	journal={International Journal for Creative Journal Thoughts (IJCRT)},
	year={2020}
}

@article{sourab,
	title={Design and Implementation of Mobility Aid for Blind People},
	author={B.S. Sourab, Ranganatha Chakravarthy H.S, Sachith Dâ€™souza},
	journal={2015 International Conference on Power and Advanced Control Engineering (ICPACE)},
	volume={},
	number={},
	pages={},
	year={2015}
}

@article{aladren,
	title={Navigation Assistance for the Visually Impaired Using RGB-D Sensor with Range Expansion},
	author={A. Aladren, G. Lopez-Nicolas, Luis Puig, Josechu J. Guerrero},
	journal={IEEE},
	volume={},
	number={},
	pages={},
	year={2014}
}

@article{cheng,
	title={A General Approach for Analysis of Actuator Delay Compensation Methods for RealTime Testing},
	author={Cheng Chen, James M. Ricles},
	journal={The 14th World Conference on Earthquake Engineering},
	volume={},
	number={},
	pages={},
	year={2008}
}

@article{rehsma,
	title={Ultrasonic Navigation based Blind Aid for the Visually Imapired},
	author={Rehsma Vijay Jawale, Ravina Shantaram Gaikawad, Madhavi Vijay Kadam, Lakshmi Sudha Kondaka},
	journal={IEEE International Conference on Power, Control, Signal and Instrumentation Engineering (ICPCSI)},
	volume={},
	number={},
	pages={},
	year={2017}
}

@article{pakale,
	title={Survey on Assistance Systems and Navigation for Blind People Using Sensors},
	author={Pakale P.B, Nikam R.G, Pawar A.M},
	journal={IAETSD Journal for Advanced Research in Applied Sciences},
	volume={},
	number={},
	pages={},
	year={}
}

@article{haichao,
	title={An FPGA based Collision Warning System Usign Hybrid Approach},
	author={Haichao Liang, Takashi Morie, Youhei Suzuki, Kazuki Nakada, Tsutomu Miki, Hatsuo Hayashi},
	journal={Seventh International Conference on Hybrid Intelligent Systems},
	volume={},
	number={},
	pages={},
	year={2007}
}

@article{mike,
	title={FPGA based Real Time Obstacle Detection and Notification System},
	author={Mike Trent, Kevin Laubhan, Ahmed},
	journal={ICEEOT},
	volume={},
	number={},
	pages={},
	year={2016}
}

@article{rumin,
	title={An Algorithm for Obstacle Detection based on YOLO and Light Filed Camera},
	author={Rumin Zhang, Wenyi Wang, Jianwen Chen, Yijeng Yang, Lioayuan Zeng, Sean McGarth},
	journal={Twelfth International Conference on Sensing Technology (ICST)},
	volume={},
	number={},
	pages={},
	year={2018}
}

@article{yolo,
	title={You Look Only Once: Unified, Real-Time Object Detection},
	author={Joseph Redmon, Santosh Divvala},
	year={2016}
}